%Literaturverzeichnis am besten mit JabRef (http://jabref.sf.net) bearbeiten

@inproceedings{paper,
 author = {Debevec, Paul and Malik, Jitendra},
 title = {Recovering high dynamic range radiance maps from photographs},
 booktitle = {ACM SIGGRAPH 1997},
 year = {1997},
 pages = {369--378},
 numpages = {10},
 publisher = {ACM Press/Addison-Wesley Publishing Co.}
} 


@book{Reinhard,
 author = {Reinhard, Erik and Ward, Greg and Pattanaik, Sumanta and Debevec, Paul},
 title = {High Dynamic Range Imaging: Acquisition, Display, and Image-Based Lighting},
 year = {2005},
 isbn = {0125852630},
 publisher = {Morgan Kaufmann Publishers Inc.}
} 

@ARTICLE{Fairchild04theicam,
    author = {Mark D. Fairchild and Garrett M. Johnson},
    title = {The iCAM framework for image appearance, image differences, and image quality},
    journal = {Journal of Electronic Imaging},
    year = {2004},
    volume = {13},
    pages = {126--138}
}

@ARTICLE{Yang99a640,
    author = {David X. D. Yang and Abbas El Gamal and Boyd Fowler and Hui Tian},
    title = {A 640 512 CMOS image sensor with ultrawide dynamic range floating-point pixel-level ADC},
    journal = {IEEE Journal of Solid-State Circuits},
    year = {1999},
    volume = {34},
    pages = {1821--1834}
}

@inproceedings{Debevec:2008:RSO:1401132.1401175,
 author = {Debevec, Paul},
 title = {Rendering Synthetic Objects into Real Scenes: Bridging Traditional and Image-based Graphics with Global Illumination and High Dynamic Range Photography},
 booktitle = {ACM SIGGRAPH 2008 Classes},
 year = {2008},
 pages = {32:1--32:10},
 articleno = {32},
 numpages = {10},
 acmid = {1401175},
 publisher = {ACM Press}
} 

@inproceedings{
Klingler_Richter_Strobel_2006, title={HDR CMOS imagers and their applications}, booktitle={International Conference on Solid-State and Integrated Circuit Technology Proceedings}, 
publisher={IEEE Press}, 
author={Burghartz, Joachim and Graf, H.-g. and Harendt, C. and Klingler, W. and Richter, H. and Strobel, M.}, year={2006}, month={Oct}, pages={528-531}}

@BOOK{Bloch2012,
	AUTHOR = {Bloch, Christian},
	YEAR = {2012},
	TITLE = {Das HDRI-Handbuch 2.0 - High Dynamic Range Imaging für Fotografen und Computergrafiker},
	EDITION = {},
	ISBN = {978-3-898-64819-6},
	PUBLISHER = {dpunkt},
	ADDRESS = {Heidelberg}
}
@article{Jing_Hong_Zheng_Rahardja_2012, 
title={Detail-enhanced exposure fusion}, 
volume={21},
number={11}, 
journal={IEEE Transactions on Image Processing}, 
publisher={Institute of Electrical and Electronics Engineers}, 
author={Zheng Guo Li and Jing Hong Zheng and Rahardja, S.}, 
year={2012}, 
month={Nov}, 
pages={4672-4676}
}

@ARTICLE{Ward03fast,
    author = {Greg Ward},
    title = {Fast, robust image registration for compositing high dynamic range photographs from handheld exposures},
    journal = {Journal of Graphics Tools},
    year = {2003},
    volume = {8},
    pages = {17--30}
}

@phdthesis{bruhn06,
  title={Variational Optic Flow Computation: Accurate Modelling and Efficient Numerics},
  author={Bruhn, Andrés},
  school={Department of Mathematics and Computer Science, Saarland University},
  year={2006}
}

@BOOK{Westermann2008,
	AUTHOR = {Westermann, Thomas},
	YEAR = {2008},
	TITLE = {Mathematik für Ingenieure - Ein anwendungsorientiertes Lehrbuch},
	EDITION = {6},
	ISBN = {978-3-540-77731-1},
	PUBLISHER = {Springer}
}